@article{ke2019option,
  title={Option pricing with deep learning},
  author={Ke, Alexander and Yang, Andrew},
  journal={Department of Computer Science, Standford University, In CS230: Deep learning},
  volume={8},
  pages={1--8},
  year={2019}
}
@misc{cboe2024,
  author = {Wikipedia},
  title = {Chicago Board Options Exchange --- Wikipedia{,} The Free Encyclopedia},
  year = {2024},
  howpublished = {\url{https://en.wikipedia.org/wiki/Chicago_Board_Options_Exchange}},
  note = {Accessed: April 29, 2024}
}
@article{black1973pricing,
  title={The pricing of options and corporate liabilities},
  author={Black, Fischer and Scholes, Myron},
  journal={Journal of political economy},
  volume={81},
  number={3},
  pages={637--654},
  year={1973},
  publisher={The University of Chicago Press}
}
@article{jankova2018drawbacks,
  title={Drawbacks and limitations of Black-Scholes model for options pricing},
  author={Jankov{\'a}, Zuzana},
  journal={Journal of Financial Studies and Research},
  volume={2018},
  pages={1--7},
  year={2018}
}
@article{wachowicz2020wharton,
  title={Wharton research data services (WRDS)},
  author={Wachowicz, Erin},
  journal={Journal of Business \& Finance Librarianship},
  volume={25},
  number={3-4},
  pages={184--187},
  year={2020},
  publisher={Taylor \& Francis}
}
@article{chan2007industry,
  title={Industry classifications and return comovement},
  author={Chan, Louis KC and Lakonishok, Josef and Swaminathan, Bhaskaran},
  journal={Financial Analysts Journal},
  volume={63},
  number={6},
  pages={56--70},
  year={2007},
  publisher={Taylor \& Francis}
}
@article{singh2020investigating,
  title={Investigating the impact of data normalization on classification performance},
  author={Singh, Dalwinder and Singh, Birmohan},
  journal={Applied Soft Computing},
  volume={97},
  pages={105524},
  year={2020},
  publisher={Elsevier}
}
@article{andersen2003modeling,
  title={Modeling and forecasting realized volatility},
  author={Andersen, Torben G and Bollerslev, Tim and Diebold, Francis X and Labys, Paul},
  journal={Econometrica},
  volume={71},
  number={2},
  pages={579--625},
  year={2003},
  publisher={Wiley Online Library}
}
@inproceedings{ioffe2015batch,
  title={Batch normalization: Accelerating deep network training by reducing internal covariate shift},
  author={Ioffe, Sergey and Szegedy, Christian},
  booktitle={International conference on machine learning},
  pages={448--456},
  year={2015},
  organization={pmlr}
}
@article{hodson2022root,
  title={Root mean square error (RMSE) or mean absolute error (MAE): When to use them or not},
  author={Hodson, Timothy O},
  journal={Geoscientific Model Development Discussions},
  volume={2022},
  pages={1--10},
  year={2022},
  publisher={G{\"o}ttingen, Germany}
}
@article{brent1973some,
  title={Some efficient algorithms for solving systems of nonlinear equations},
  author={Brent, Richard P},
  journal={SIAM Journal on Numerical Analysis},
  volume={10},
  number={2},
  pages={327--344},
  year={1973},
  publisher={SIAM}
}
@article{bollerslev1986generalized,
  title={Generalized autoregressive conditional heteroskedasticity},
  author={Bollerslev, Tim},
  journal={Journal of econometrics},
  volume={31},
  number={3},
  pages={307--327},
  year={1986},
  publisher={Elsevier}
}
@article{xing2010does,
  title={What does the individual option volatility smirk tell us about future equity returns?},
  author={Xing, Yuhang and Zhang, Xiaoyan and Zhao, Rui},
  journal={Journal of Financial and Quantitative Analysis},
  volume={45},
  number={3},
  pages={641--662},
  year={2010},
  publisher={Cambridge University Press}
}
@article{ang2006cross,
  title={The cross-section of volatility and expected returns},
  author={Ang, Andrew and Hodrick, Robert J and Xing, Yuhang and Zhang, Xiaoyan},
  journal={The journal of finance},
  volume={61},
  number={1},
  pages={259--299},
  year={2006},
  publisher={Wiley Online Library}
}
